@article{mallick2016simons,
	title={The Simons genome diversity project: 300 genomes from 142 diverse populations},
	author={Mallick, Swapan and Li, Heng and Lipson, Mark and Mathieson, Iain and Gymrek, Melissa and Racimo, Fernando and Zhao, Mengyao and Chennagiri, Niru and Nordenfelt, Susanne and Tandon, Arti and others},
	journal={Nature},
	volume={538},
	number={7624},
	pages={201--206},
	year={2016},
	publisher={Nature Publishing Group}
}

@article{mersha2015self,
	title={Self-reported race/ethnicity in the age of genomic research: its potential impact on understanding health disparities},
	author={Mersha, Tesfaye B and Abebe, Tilahun},
	journal={Human genomics},
	volume={9},
	number={1},
	pages={1},
	year={2015},
	publisher={Springer}
}

@article{mcvean2009genealogical,
	title={A genealogical interpretation of principal components analysis},
	author={McVean, Gil},
	journal={PLoS Genet},
	volume={5},
	number={10},
	pages={e1000686},
	year={2009},
	publisher={Public Library of Science}
}

@article{padhukasahasram2014inferring,
	title={Inferring ancestry from population genomic data and its applications},
	author={Padhukasahasram, Badri},
	journal={Frontiers in genetics},
	volume={5},
	pages={204},
	year={2014},
	publisher={Frontiers}
}

@article{novembre2008genes,
	title={Genes mirror geography within {Europe}},
	author={Novembre, John and Johnson, Toby and Bryc, Katarzyna and Kutalik, Zolt{\'a}n and Boyko, Adam R and Auton, Adam and Indap, Amit and King, Karen S and Bergmann, Sven and Nelson, Matthew R and others},
	journal={Nature},
	volume={456},
	number={7218},
	pages={98--101},
	year={2008},
	publisher={Nature Publishing Group}
}

@article{abraham2017flashpca2,
	title={{FlashPCA2}: principal component analysis of Biobank-scale genotype datasets},
	author={Abraham, Gad and Qiu, Yixuan and Inouye, Michael},
	journal={Bioinformatics},
	year={2017}
}

@article{price2006principal,
	title={Principal components analysis corrects for stratification in genome-wide association studies},
	author={Price, Alkes L and Patterson, Nick J and Plenge, Robert M and Weinblatt, Michael E and Shadick, Nancy A and Reich, David},
	journal={Nature genetics},
	volume={38},
	number={8},
	pages={904--909},
	year={2006},
	publisher={Nature Publishing Group}
}

@article{raj2014faststructure,
	title={{fastSTRUCTURE}: variational inference of population structure in large SNP data sets},
	author={Raj, Anil and Stephens, Matthew and Pritchard, Jonathan K},
	journal={Genetics},
	volume={197},
	number={2},
	pages={573--589},
	year={2014},
	publisher={Genetics Soc America}
}

@article{peterson2017utility,
	title={The utility of empirically assigning ancestry groups in cross-population genetic studies of addiction},
	author={Peterson, Roseann E and Edwards, Alexis C and Bacanu, Silviu-Alin and Dick, Danielle M and Kendler, Kenneth S and Webb, Bradley T},
	journal={The American journal on addictions},
	volume={26},
	number={5},
	pages={494--501},
	year={2017},
	publisher={Wiley Online Library}
}

@article{frichot2014fast,
	title={Fast and efficient estimation of individual ancestry coefficients},
	author={Frichot, Eric and Mathieu, Fran{\c{c}}ois and Trouillon, Th{\'e}o and Bouchard, Guillaume and Fran{\c{c}}ois, Olivier},
	journal={Genetics},
	volume={196},
	number={4},
	pages={973--983},
	year={2014},
	publisher={Genetics Soc America}
}

@article{alexander2009fast,
	title={Fast model-based estimation of ancestry in unrelated individuals},
	author={Alexander, David H and Novembre, John and Lange, Kenneth},
	journal={Genome research},
	volume={19},
	number={9},
	pages={1655--1664},
	year={2009},
	publisher={Cold Spring Harbor Lab}
}
@article{martin2017human,
	title={Human demographic history impacts genetic risk prediction across diverse populations},
	author={Martin, Alicia R and Gignoux, Christopher R and Walters, Raymond K and Wojcik, Genevieve L and Neale, Benjamin M and Gravel, Simon and Daly, Mark J and Bustamante, Carlos D and Kenny, Eimear E},
	journal={The American Journal of Human Genetics},
	volume={100},
	number={4},
	pages={635--649},
	year={2017},
	publisher={Elsevier}
}

@article{pedersen2018ipsych2012,
	title={The {iPSYCH2012} case--cohort sample: new directions for unravelling genetic and environmental architectures of severe mental disorders},
	author={Pedersen, Carsten B{\o}cker and Bybjerg-Grauholm, Jonas and Pedersen, Marianne Gi{\o}rtz and Grove, Jakob and Agerbo, Esben and B{\ae}kvad-Hansen, Marie and Poulsen, Jesper Buchhave and Hansen, Christine Soeholm and McGrath, John J and Als, Thomas D and others},
	journal={Molecular psychiatry},
	volume={23},
	number={1},
	pages={6--14},
	year={2018},
	publisher={Nature Publishing Group}
}

@article{lu2013principal,
	title={Principal component analysis reveals the {1000 Genomes Project} does not sufficiently cover the human genetic diversity in {Asia}},
	author={Lu, Dongsheng and Xu, Shuhua},
	journal={Frontiers in genetics},
	volume={4},
	pages={127},
	year={2013},
	publisher={Frontiers}
}

@article{10002015global,
	title={A global reference for human genetic variation},
	author={{1000 Genomes Project Consortium} and others},
	journal={Nature},
	volume={526},
	number={7571},
	pages={68},
	year={2015},
	publisher={Nature Publishing Group}
}

@article{prive2017efficient,
	author = {Priv{\'e}, Florian and Aschard, Hugues and Ziyatdinov, Andrey and Blum, Michael G B},
	title = {Efficient analysis of large-scale genome-wide data with two {R} packages: bigstatsr and bigsnpr},
	journal = {Bioinformatics},
	volume = {34},
	number = {16},
	pages = {2781-2787},
	year = {2018},
	doi = {10.1093/bioinformatics/bty185},
	URL = {http://dx.doi.org/10.1093/bioinformatics/bty185},
	eprint = {/oup/backfile/content_public/journal/bioinformatics/34/16/10.1093_bioinformatics_bty185/1/bty185.pdf}
}

@article{bycroft2017genome,
	title={The {UK Biobank} resource with deep phenotyping and genomic data},
	author={Bycroft, Clare and Freeman, Colin and Petkova, Desislava and Band, Gavin and Elliott, Lloyd T and Sharp, Kevin and Motyer, Allan and Vukcevic, Damjan and Delaneau, Olivier and O'Connell, Jared and others},
	journal={Nature},
	volume={562},
	number={7726},
	pages={203},
	year={2018},
	publisher={Nature Publishing Group}
}

@article{zhang2020fast,
	title={Fast and robust ancestry prediction using principal component analysis},
	author={Zhang, Daiwei and Dey, Rounak and Lee, Seunggeun},
	journal={Bioinformatics},
	volume={36},
	number={11},
	pages={3439--3446},
	year={2020},
	publisher={Oxford University Press}
}

@article{prive2020efficient,
	author = {Priv{\'e}, Florian and Luu, Keurcien and Blum, Michael G B and McGrath, John J and Vilhj{\'a}lmsson, Bjarni J},
	title = "{Efficient toolkit implementing best practices for principal component analysis of population genetic data}",
	journal = {Bioinformatics},
	year = {2020},
	month = {05},
	abstract = "{Principal component analysis (PCA) of genetic data is routinely used to infer ancestry and control for population structure in various genetic analyses. However, conducting PCA analyses can be complicated and has several potential pitfalls. These pitfalls include (i) capturing linkage disequilibrium (LD) structure instead of population structure, (ii) projected PCs that suffer from shrinkage bias, (iii) detecting sample outliers and (iv) uneven population sizes. In this work, we explore these potential issues when using PCA, and present efficient solutions to these. Following applications to the UK Biobank and the 1000 Genomes project datasets, we make recommendations for best practices and provide efficient and user-friendly implementations of the proposed solutions in R packages bigsnpr and bigutilsr.For example, we find that PC19–PC40 in the UK Biobank capture complex LD structure rather than population structure. Using our automatic algorithm for removing long-range LD regions, we recover 16 PCs that capture population structure only. Therefore, we recommend using only 16–18 PCs from the UK Biobank to account for population structure confounding. We also show how to use PCA to restrict analyses to individuals of homogeneous ancestry. Finally, when projecting individual genotypes onto the PCA computed from the 1000 Genomes project data, we find a shrinkage bias that becomes large for PC5 and beyond. We then demonstrate how to obtain unbiased projections efficiently using bigsnpr. Overall, we believe this work would be of interest for anyone using PCA in their analyses of genetic data, as well as for other omics data.R packages bigsnpr and bigutilsr can be installed from either CRAN or GitHub (see https://github.com/privefl/bigsnpr). A tutorial on the steps to perform PCA on 1000G data is available at https://privefl.github.io/bigsnpr/articles/bedpca.html. All code used for this paper is available at https://github.com/privefl/paper4-bedpca/tree/master/code.Supplementary data are available at Bioinformatics online.}",
	issn = {1367-4803},
	doi = {10.1093/bioinformatics/btaa520},
	url = {https://doi.org/10.1093/bioinformatics/btaa520},
	note = {btaa520},
	eprint = {https://academic.oup.com/bioinformatics/advance-article-pdf/doi/10.1093/bioinformatics/btaa520/33694623/btaa520.pdf},
}

@article{weir1984estimating,
	title={Estimating {F}-statistics for the analysis of population structure},
	author={Weir, Bruce S and Cockerham, C Clark},
	journal={Evolution},
	pages={1358--1370},
	year={1984},
	publisher={JSTOR}
}

@article{wright1965interpretation,
	title={The interpretation of population structure by {F}-statistics with special regard to systems of mating},
	author={Wright, Sewall},
	journal={Evolution},
	pages={395--420},
	year={1965},
	publisher={JSTOR}
}

@article{bhattacharyya1943measure,
	title={On a measure of divergence between two statistical populations defined by their probability distributions},
	author={Bhattacharyya, Anil},
	journal={Bull. Calcutta Math. Soc.},
	volume={35},
	pages={99--109},
	year={1943}
}

@article{fukunaga1990introduction,
	title={Introduction to statistical pattern recognition, ser},
	author={Fukunaga, Keinosuke},
	journal={Computer science and scientific computing. Boston: Academic Press},
	year={1990}
}

@article{nelson2008population,
  title={The Population Reference Sample, {POPRES}: a resource for population, disease, and pharmacological genetics research},
  author={Nelson, Matthew R and Bryc, Katarzyna and King, Karen S and Indap, Amit and Boyko, Adam R and Novembre, John and Briley, Linda P and Maruyama, Yuka and Waterworth, Dawn M and Waeber, G{\'e}rard and others},
  journal={The American Journal of Human Genetics},
  volume={83},
  number={3},
  pages={347--358},
  year={2008},
  publisher={Elsevier}
}
